@book{pierce02,
 author = {Pierce, Benjamin C.},
 title = {Types and Programming Languages},
 year = {2002},
 isbn = {0-262-16209-1},
 publisher = {MIT Press},
 address = {Cambridge, MA, USA},
} 
@book{nielson99,
 author = {Nielson, Flemming and Nielson, Hanne R. and Hankin, Chris},
 title = {Principles of Program Analysis},
 year = {1999},
 isbn = {3540654100},
 publisher = {Springer-Verlag New York, Inc.},
 address = {Secaucus, NJ, USA},
} 
@inproceedings{ryder03,
 author = {Ryder, Barbara G.},
 title = {Dimensions of Precision in Reference Analysis of Object-oriented Programming Languages},
 booktitle = {Proceedings of the 12th International Conference on Compiler Construction},
 series = {CC'03},
 year = {2003},
 isbn = {3-540-00904-3},
 location = {Warsaw, Poland},
 pages = {126--137},
 numpages = {12},
 url = {http://dl.acm.org/citation.cfm?id=1765931.1765945},
 acmid = {1765945},
 publisher = {Springer-Verlag},
 address = {Berlin, Heidelberg},
} 

@article{hindley69,
    author    = "R.Hindley",
    title     = "The principal type scheme of an object in combinatory logic",
    journal   = "Transactions of the American Mathematical Society",
    volume    = "146",
    pages    = "29--60",
    year      = "1969"
}

@article{cardelli87,
 author = {Cardelli, Luca},
 title = {Basic Polymorphic Typechecking},
 journal = {Sci. Comput. Program.},
 issue_date = {April 1, 1987},
 volume = {8},
 number = {2},
 month = apr,
 year = {1987},
 issn = {0167-6423},
 pages = {147--172},
 numpages = {26},
 url = {http://dx.doi.org/10.1016/0167-6423(87)90019-0},
 doi = {10.1016/0167-6423(87)90019-0},
 acmid = {34882},
 publisher = {Elsevier North-Holland, Inc.},
 address = {Amsterdam, The Netherlands, The Netherlands},
} 

@inproceedings{milner84,
 author = {Milner, Robin},
 title = {A Proposal for Standard {ML}},
 booktitle = {Proceedings of the 1984 {ACM} {Symposium} on {LISP} and Functional Programming},
 series = {LFP '84},
 year = {1984},
 isbn = {0-89791-142-3},
 location = {Austin, Texas, USA},
 pages = {184--197},
 numpages = {14},
 url = {http://doi.acm.org/10.1145/800055.802035},
 doi = {10.1145/800055.802035},
 acmid = {802035},
 publisher = {ACM},
 address = {New York, NY, USA},
} 
@article{lindhal06,
    author    = "Tobias Lindhal and Konstantinos Sagonas",
    title     = "Pratical Type Inference Based on Success Typings",
    journal   = "Eighth ACM-SIGPLAN International Symposium on Principles and Practice of Declarative Programming (PPDP'06)",
    pages    = "167--178",
    year      = "2006"
}
@article{jensen09,
    author   = "Simon Holm Jensen and Anders Møller and Peter Thiemann",
    title    = "Type Analysis for {Javascript}",
    journal  = "SAS 2009",
    pages    = "238--255",
    year     = "2009"
}

@inproceedings{furr09,
 author = {Furr, Michael and An, Jong-hoon (David) and Foster, Jeffrey S. and Hicks, Michael},
 title = {Static Type Inference for Ruby},
 booktitle = {Proceedings of the 2009 ACM Symposium on Applied Computing},
 series = {SAC '09},
 year = {2009},
 isbn = {978-1-60558-166-8},
 location = {Honolulu, Hawaii},
 pages = {1859--1866},
 numpages = {8},
 url = {http://doi.acm.org/10.1145/1529282.1529700},
 doi = {10.1145/1529282.1529700},
 acmid = {1529700},
 publisher = {ACM},
 address = {New York, NY, USA},
 keywords = {Ruby, contracts, dynamic typing, type inference},
} 



@inproceedings{pRuby,
 author = {Furr, Michael and An, Jong-hoon (David) and Foster, Jeffrey S.},
 title = {Profile-guided Static Typing for Dynamic Scripting Languages},
 booktitle = {Proceedings of the 24th ACM SIGPLAN Conference on Object Oriented Programming Systems Languages and Applications},
 series = {OOPSLA '09},
 year = {2009},
 isbn = {978-1-60558-766-0},
 location = {Orlando, Florida, USA},
 pages = {283--300},
 numpages = {18},
 url = {http://doi.acm.org/10.1145/1640089.1640110},
 doi = {10.1145/1640089.1640110},
 acmid = {1640110},
 publisher = {ACM},
 address = {New York, NY, USA},
 keywords = {RIL, profile guided anlaysis, ruby, scripting languages},
} 

@inproceedings{aggressiveType,
    author   = "John Aycock",
    title    = "Aggressive Type Inference",
    booktitle  = "Proceedings of the 8th International {Python} Conference",
    pages    = "11--20",
    year     = "2000"
}
@techreport{typeInferenceIcon,
	author = "Kenneth Walker and Ralph E. Griswold",
	title = "Type Inference in the {Icon} Programming Language",
	institution = "University of Arizona, Department of Computer Science",
	type = "TR 93-32a",
	year = "1996"
}
@TECHREPORT{heeren02,
    author = {Bastiaan Heeren and Bastiaan Heeren and Jurriaan Hage and Jurriaan Hage and Doaitse Swierstra and Doaitse Swierstra},
    title = {Generalizing {Hindley-Milner} Type Inference Algorithms},
    institution = {Institute of Information and Computing Sciences, Utrecht University},
    year = {2002}
}
@inproceedings{evaluatingDynamicBehaviour,
 author = {Holkner, Alex and Harland, James},
 title = {Evaluating the Dynamic Behaviour of {Python} Applications},
 booktitle = {Proceedings of the Thirty-Second Australasian Conference on Computer Science - Volume 91},
 series = {ACSC '09},
 year = {2009},
 isbn = {978-1-920682-72-9},
 location = {Wellington, New Zealand},
 pages = {19--28},
 numpages = {10},
 url = {http://dl.acm.org/citation.cfm?id=1862659.1862665},
 acmid = {1862665},
 publisher = {Australian Computer Society, Inc.},
 address = {Darlinghurst, Australia, Australia},
 keywords = {Python and compilers, dynamic languages},
} 	

@inproceedings{cartwright91,
 author = {Cartwright, Robert and Fagan, Mike},
 title = {Soft Typing},
 booktitle = {Proceedings of the ACM SIGPLAN 1991 Conference on Programming Language Design and Implementation},
 series = {PLDI '91},
 year = {1991},
 isbn = {0-89791-428-7},
 location = {Toronto, Ontario, Canada},
 pages = {278--292},
 numpages = {15},
 url = {http://doi.acm.org/10.1145/113445.113469},
 doi = {10.1145/113445.113469},
 acmid = {113469},
 publisher = {ACM},
 address = {New York, NY, USA},
} 

@TECHREPORT{agesen95,
    author = {Ole Agesen},
    title = {Concrete Type Inference: Delivering Object-Oriented Applications},
    institution = {Stanford University},
    year = {1995}
}

@inproceedings{jones95,
 author = {Jones, Mark P.},
 title = {Functional Programming with Overloading and Higher-Order Polymorphism},
 booktitle = {Advanced Functional Programming, First International Spring School on Advanced Functional Programming Techniques-Tutorial Text},
 year = {1995},
 isbn = {3-540-59451-5},
 pages = {97--136},
 numpages = {40},
 url = {http://dl.acm.org/citation.cfm?id=647698.734150},
 acmid = {734150},
 publisher = {Springer-Verlag},
 address = {London, UK, UK},
} 

@mastersthesis{pyty,
	author = "Jeff Ruberg",
	title = "Charming {Python} with Static Typechecking",
	year = "2012",
	month = "April",
	TYPE = "Bachelor's Thesis",
	school = "Wesleyan University"
}
@mastersthesis{shedskin,
  author={Mark Defour},
  title={Shed Skin: An Optimizing {Python-to-C++} Compiler},
  school={Parallel and Distributed Systems Group, Delft University of Technology},
  year={2006}
}

@ARTICLE{Palsbergstatictyping,
    author = {Jens Palsberg and Michael I. Schwartzbach},
    title = {Static Typing for Object-Oriented Programming},
    journal = {SCIENCE OF COMPUTER PROGRAMMING},
    year = {1994},
    volume = {23}
}

@mastersthesis{starkiller,
  author={Salib, Michael},
  title={Starkiller: A Static Type Inferencer and Compiler for {Python}},
  school={Massachusetts Institute of Technology, Department of Electrical Engineering and Computer Science},
  year={2004}
}
@mastersthesis{cannonlocalizedtype,
    author = {Brett Cannon},
    title = {Localized Type Inference of Atomic Types in {Python}},
    school={California Polytechnic State University}
    year = {2005},
}
@misc{guoTeaching,
  title = {Python is Now the Most Popular Introductory Teaching Language at Top {U.S.} Universities},
  author = {Philip Guo},
  year = {2014},
  howpublished = {\url{http://cacm.acm.org/blogs/blog-cacm/176450-python-is-now-the-most-popular-introductory-teaching-language-at-top-us-universities/fulltext}},
  note = {Accessed: 20-08-2014}
}
@misc{organisationsPython,
  title = {Organizations using {Python}},
  author = {Philip Guo},
  year = {2013},
  howpublished = {\url{https://wiki.python.org/moin/OrganizationsUsingPython}},
  note = {Accessed: 20-08-2014}
}
@misc{ssaBook,
  title = {Static Single Assignment Book},
  author = {Inria},
  year = {2014},
  howpublished = {\url{http://ssabook.gforge.inria.fr/latest/book.pdf}},
  note = {Accessed: 03-08-2014}
}
@misc{ssaLecture,
  Author = {Jeff Foster},
  Howpublished = {Harvard University. University Lecture. \url{http://www.seas.harvard.edu/courses/cs252/2011sp/slides/Lec04-SSA.pdf}},
  Year = {2011},
  Title = {Static Single Assignment Form (and dominators, post-dominators, dominance frontiers…)}
}

@misc{domianceFrontiersImage,
  Author = {Charles N. Fischer},
  Year = {2008},
  howpublished = {University of Wisconsin-Madison. University Lecture. \url{http://pages.cs.wisc.edu/~fischer/cs701.f08/lectures/Lecture23.4up.pdf}},
  Title = {Static Single Assignment Form}
}

@misc{cpythonCFG,
  title = {Design of {CPython’s} Compiler},
  author = {CPython},
  year = {2014},
  howpublished = {\url{https://docs.python.org/devguide/compiler.html}},
  note = {Accessed: 30-05-2014}
}
@book{dragonBook,
  author = {Alfred V. Aho and Ravi Sethi and Jeffrey D. Ullman},
  title = "Compilers: Principles, Techniques and Tools",
  publisher = "Addison-Wesley",
  year = "1988"
}
@misc{cpythonBytecode,
  title = {Dive into CPython Bytecode},
  author = {Alex Gaynor},
  year = {2009},
  howpublished = {\url{http://www.slideshare.net/kingkilr/dive-into-cpython-bytecode}},
  note = {Accessed: 25-08-2014}
}

@misc{disBytecode,
  title = {32.12. dis — Disassembler for {Python} bytecode},
  author = {Python Software Foundation},
  year = {2014},
  howpublished = {\url{https://docs.python.org/3/library/dis.html}},
  note = {Accessed: 27-08-2014}
}

@misc{pylint,
  title = {Pylint},
  author = {},
  year = {2014},
  howpublished = {\url{http://www.pylint.org/}},
  note = {Accessed: 02-09-2014}
}

@misc{pychecker,
  title = {PyChecker},
  author = {},
  year = {2014},
  howpublished = {\url{http://pychecker.sourceforge.net/}},
  note = {Accessed: 02-09-2014}
}

@misc{pypyCFG,
  title = {Object Spaces - The Flow Object Space},
  author = {PyPy},
  year = {2014},
  howpublished = {\url{http://pypy.readthedocs.org/en/latest/objspace.html{#}the-flow-object-space}},
  note = {Accessed: 30-05-2014}
}

@misc{pypyRpython,
  title = {http://pypy.readthedocs.org/en/latest/translation.html},
  author = {PyPy},
  year = {2014},
  howpublished = {\url{http://pypy.readthedocs.org/en/latest/translation.html}},
  note = {Accessed: 02-09-2014}
}

@misc{ashwinCFG,
  title = {Control Flow Graph for {Python}},
  author = {Ashwin Panchapakesan},
  year = {2013},
  howpublished = {\url{https://github.com/inspectorG4dget/cfg/tree/inspector}},
  note = {Accessed: 30-05-2014}
}
@article{constraintBook,
 author = {Tsang, Edward},
 title = {A Glimpse of Constraint Satisfaction},
 journal = {Artif. Intell. Rev.},
 year = {1999},
 volume = {13},
 number = {3},
 month = jun,
 year = {1999},
 issn = {0269-2821},
 pages = {215--227},
 numpages = {13},
 url = {http://dx.doi.org/10.1023/A:1006558104682},
 doi = {10.1023/A:1006558104682},
 acmid = {317257},
 publisher = {Kluwer Academic Publishers},
 address = {Norwell, MA, USA},
 keywords = {8-queens problem, constraint satisfaction, search}
} 
@book{constraintPrinciples,
author = "Krzysztof Apt",
title = {Principles of Constraint Programming}, 
publisher = {Cambridge University Press}, 
year = {2003},
isbn = {9780511615320}, 
note = {Cambridge Books Online}, 
url ={http://dx.doi.org/10.1017/CBO9780511615320}
}
@misc{pySonar,
  title = {PySonar: a type inferencer and indexer for {Python}},
  author = {Yin Wang},
  year = {2010},
  howpublished = {\url{http://yinwang0.wordpress.com/2010/09/12/pysonar/}},
  note = {Accessed: 26-04-2014}
}
@misc{pyntch,
  title = {Pyntch - Static code analyzer for {Python}},
  author = {Yusuke Shinyama},
  year = {2009},
  howpublished = {\url{http://www.unixuser.org/~euske/python/pyntch/index.html}},
  note = {Accessed: 29-04-2014}
}
@misc{guido1,
  title = {Adding Optional Static Typing to {Python}},
  author = {Guido van van Rossum},
  year = {2004},
  howpublished = {\url{https://www.artima.com/weblogs/viewpost.jsp?thread=85551}},
  note = {Accessed: 06-05-2014}
}
@misc{guido2,
  title = {Adding Optional Static Typing to {Python} -- Part {II}},
  author = {Guido van van Rossum},
  year = {2005},
  howpublished = {\url{https://www.artima.com/weblogs/viewpost.jsp?thread=86641}},
  note = {Accessed: 06-05-2014}
}
@misc{guido3,
  title = {Adding Optional Static Typing to {Python} -- Stop the Flames!},
  author = {Guido van van Rossum},
  year = {2005},
  howpublished = {\url{http://www.artima.com/weblogs/viewpost.jsp?thread=87182}},
  note = {Accessed: 06-05-2014}
}

@misc{guidoLatest,
  title = {Proposal: Use mypy syntax for function annotations},
  author = {Guido van van Rossum},
  year = {2014},
  howpublished = {\url{https://mail.python.org/pipermail/python-ideas/2014-August/028618.html}},
  note = {Accessed: 14-08-2014}
}

@misc{pepAugAssign,
  title = {{PEP} 203 -- Augmented Assignments},
  author = {Thomas Wouters},
  year = {2000},
  howpublished = {\url{http://legacy.python.org/dev/peps/pep-0203/}},
  note = {Accessed: 13-08-2014}
}


@misc{pythonImports,
  title = {6. Modules},
  author = {Python Software Foundation},
  year = {2014},
  howpublished = {\url{https://docs.python.org/3/tutorial/modules.html}},
  note = {Accessed: 22-08-2014}
}

@misc{pythonTypeDocs,
  title = {4. Built-in Types},
  author = {Python Software Foundation},
  year = {2014},
  howpublished = {\url{https://docs.python.org/3/library/stdtypes.html}},
  note = {Accessed: 29-08-2014}
}

@book{VanRossumImports,
 author = {Van Rossum, Guido and Drake, Fred L.},
 title = {An Introduction to Python},
 year = {2011},
 isbn = {1906966133, 9781906966133},
 publisher = {Network Theory Ltd.},
} 

@misc{pythonMutable,
  title = {3.1. Objects, values and types},
  author = {Python Software Foundation},
  year = {2014},
  howpublished = {\url{https://docs.python.org/3/reference/datamodel.html}},
  note = {Accessed: 25-08-2014}
}

@misc{mypy,
  title = {mypy},
  author = {Jukka Lehtosalo},
  year = {2014},
  howpublished = {\url{https://github.com/JukkaL/mypy/}},
  note = {Accessed: 29-08-2014}
}

@misc{pythonScripts,
  title = {What are the best Python scripts you've ever written?},
  author = {Quora},
  year = {2014},
  howpublished = {\url{http://www.quora.com/What-are-the-best-Python-scripts-youve-ever-written}},
  note = {Accessed: 29-08-2014}
}

@misc{python3Projects,
  title = {Package Index},
  author = {Python Software Foundation},
  year = {2014},
  howpublished = {\url{https://pypi.python.org/pypi?%3Aaction=browse&c=533&show=all}},
  note = {Accessed: 29-08-2014}
}




