@article{lindhal06,
    author    = "Tobias Lindhal and Konstantinos Sagonas",
    title     = "Pratical Type Inference Based on Success Typings",
    journal   = "Eighth ACM-SIGPLAN International Symposium on Principles and Practice of Declarative Programming (PPDP'06)",
    pages    = "167--178",
    year      = "2006"
}
@article{jensen09,
    author   = "Simon Holm Jensen and Anders MÃ¸ller and Peter Thiemann",
    title    = "Type Analysis for Javascript",
    journal  = "SAS 2009",
    pages    = "238--255",
    year     = "2009"
}
@article{furr09,
    author   = "Michael Fuur and Jong-hoon (David) An and Jeffrey S. Foster and Michael Hicks",
    title    = "Static Type Inference for Ruby",
    journal  = "SAC '09",
    pages    = "1859--1866",
    year     = "2009"
}
